<?xml version="1.0" encoding="UTF-8"?><collection xmlns="http://www.loc.gov/MARC21/slim"><record><leader>00601nam--2200193-u-4500</leader><controlfield tag="001">000055017</controlfield><controlfield tag="002">20161230</controlfield><controlfield tag="005">20170116142950</controlfield><controlfield tag="008">121022s1000------------r-----000-0-eng-d</controlfield><datafield ind1=" " ind2=" " tag="020"><subfield code="a">9781620810637</subfield></datafield><datafield ind1=" " ind2=" " tag="040"><subfield code="a">IFIN-HH</subfield></datafield><datafield ind1="1" ind2=" " tag="100"><subfield code="a">Grama, Cornelia</subfield></datafield><datafield ind1="1" ind2="0" tag="245"><subfield code="a">Riemann Surface Approach to Natural Modes</subfield><subfield code="b">Exotic Resonant States</subfield><subfield code="c">Cornelia Grama, Nicolae Grama, Ioan Zamfirescu</subfield></datafield><datafield ind1=" " ind2=" " tag="260"><subfield code="a">New York</subfield><subfield code="b">Nova Science Publishers, Inc</subfield><subfield code="c">2012</subfield></datafield><datafield ind1=" " ind2=" " tag="300"><subfield code="a">VIII+307P</subfield></datafield><datafield ind1=" " ind2=" " tag="490"><subfield code="a">Physics Research And Technology</subfield></datafield><datafield ind1="1" ind2=" " tag="700"><subfield code="a">Zamfirescu, Ioan</subfield></datafield><datafield ind1=" " ind2=" " tag="852"><subfield code="a">82343</subfield><subfield code="c">530.14</subfield></datafield><datafield ind1=" " ind2=" " tag="CAT"><subfield code="a">SYS</subfield><subfield code="c">20170116</subfield><subfield code="h">142950</subfield></datafield></record></collection>